@Book{littleStatisticalAnalysisMissing2002,
  address = {{Hoboken, N.J}},
  edition = {2nd ed},
  series = {Wiley Series in Probability and Statistics},
  title = {Statistical Analysis with Missing Data},
  isbn = {978-0-471-18386-0},
  lccn = {QA276 .L57 2002},
  publisher = {{Wiley}},
  author = {Roderick J. A. Little and Donald B. Rubin},
  year = {2002},
  keywords = {Mathematical statistics,Missing observations (Statistics)},
  file = {/Users/Lukas/Zotero/storage/WWNMP5UK/Little_Rubin_2002_Statistical analysis with missing data.pdf},
}
